<marc:record xmlns:marc="http://www.loc.gov/MARC21/slim"><marc:leader>00498nam a22001570a 45 0</marc:leader><marc:controlfield tag="001">306641</marc:controlfield><marc:controlfield tag="003">NL-AMISG</marc:controlfield><marc:controlfield tag="005">19950210234845.0</marc:controlfield><marc:controlfield tag="008">199502suuuuuuuu||||||||||||||||||||||| d</marc:controlfield><marc:datafield ind1=" " ind2=" " tag="035"><marc:subfield code="a">(IISG)IISGb10058451</marc:subfield></marc:datafield><marc:datafield ind1=" " ind2=" " tag="040"><marc:subfield code="a">NL-AmISG</marc:subfield></marc:datafield><marc:datafield ind1="1" ind2=" " tag="100"><marc:subfield code="a">Blain, Emile.</marc:subfield></marc:datafield><marc:datafield ind1="1" ind2="0" tag="245"><marc:subfield code="a">Potins grivois d'une concierge de la Rue Bréda.</marc:subfield></marc:datafield><marc:datafield ind1=" " ind2=" " tag="260"><marc:subfield code="a">Paris :</marc:subfield><marc:subfield code="b">Simon,</marc:subfield><marc:subfield code="c">s.a.</marc:subfield></marc:datafield><marc:datafield ind1=" " ind2=" " tag="300"><marc:subfield code="a">16 p.</marc:subfield></marc:datafield><marc:datafield ind1=" " ind2=" " tag="500"><marc:subfield code="a">La livraison de 16 pages.</marc:subfield></marc:datafield><marc:datafield ind1=" " ind2=" " tag="690"><marc:subfield code="a">Bro F 1718</marc:subfield><marc:subfield code="b">France; culture, religion, ethics; culture; literary works</marc:subfield><marc:subfield code="c">Frankrijk; cultuur, godsdienst en moraal; cultuur; Sociale belletrie.</marc:subfield></marc:datafield><marc:datafield ind1=" " ind2=" " tag="852"><marc:subfield code="a">IISG</marc:subfield><marc:subfield code="b">IISG</marc:subfield><marc:subfield code="c">IISG</marc:subfield><marc:subfield code="j">Bro F 1718/2822</marc:subfield><marc:subfield code="p">N10057822</marc:subfield></marc:datafield><marc:datafield ind1=" " ind2=" " tag="901"><marc:subfield code="a">306641</marc:subfield><marc:subfield code="b">Unknown</marc:subfield><marc:subfield code="c">306641</marc:subfield><marc:subfield code="t">biblio</marc:subfield></marc:datafield><marc:datafield ind1=" " ind2=" " tag="902"><marc:subfield code="a">10622/EBC8243C-CA18-44F3-BA1D-780B0570FDD0</marc:subfield></marc:datafield></marc:record>